@article{Alhazmi,
    title = {{SECURITY VULNERABILITY CATEGORIES IN MAJOR SOFTWARE SYSTEMS}},
    year = {2006},
    author = {Alhazmi, Omar H and Woo, Sung-whan and Malaiya, Yashwant K},
    pages = {1--6},
    keywords = {model, security, vulnerability}
}

@book{Nakamura,
    title = {{Seguran{\c{c}}a de Redes em Ambientes Cooperativos}},
    year = {2007},
    author = {Nakamura, Emilio Tissato and Geus, Paulo Lício de},
    isbn = {9788575221365}
}

@article{Oliveira2016,
    title = {{Fatores que influenciam o recebimento de spam}},
    year = {2016},
    author = {Oliveira, Danielle Silva and Carmelo, Monte}
}

@misc{NIST2012,
    title = {{National Institute of Standards and Technology.}},
    year = {2012},
    author = {{NIST}},
    url = {https://nvd.nist.gov/vuln/data-feeds}
}

@article{Joh2009,
    title = {{Seasonal variation in the vulnerability discovery process}},
    year = {2009},
    journal = {Proceedings - 2nd International Conference on Software Testing, Verification, and Validation, ICST 2009},
    author = {Joh, HyunChul and Malaiya, Yashwant K.},
    pages = {191--200},
    isbn = {9780769536019},
    doi = {10.1109/ICST.2009.9},
    issn = {2159-4848}
}

@article{Bishop1995,
    title = {{A taxonomy of unix system and network vulnerabilities}},
    year = {1995},
    journal = {University of California, Davis Technical Report CSE},
    author = {Bishop, Matt},
    number = {May},
    volume = {9510},
    url = {http://www.windowsecurity.com/uplarticle/1/ucd-ecs-95-10.pdf}
}

@article{Bishop1996,
    title = {{A Critical Analysis of Vulnerability Taxonomies}},
    year = {1996},
    journal = {Cse-96-11},
    author = {Bishop, Matt and Bailey, David},
    pages = {0--14},
    keywords = {bailey, matt bishop and david, ritical analysis of vulnerability, taxonomies}
}

@article{Krsul1997,
    title = {{Computer Vulnerability Analysis : Thesis Proposal}},
    year = {1997},
    author = {Krsul, Ivan}
}

@misc{CERT.br2012,
    title = {{Seguran{\c{c}}a de Computadores}},
    year = {2012},
    author = {{CERT.br}},
    url = {http://cartilha.cert.br/computadores/}
}

@article{Pinheiro2003,
    title = {{Amea{\c{c}}as e ataques aos sistemas de informa{\c{c}}{\~{a}}o: Prevenir e Antecipar}},
    year = {2003},
    author = {Pinheiro, José Maurício dos Santos},
    pages = {11}
}

@article{Firmino2012,
    title = {{Redes de Computadores II}},
    year = {2012},
    author = {Firmino, Macêdo}
}

@book{Kurose2013,
    title = {{Redes de Computadores e a Internet}},
    year = {2013},
    author = {Kurose, J.},
    edition = {6{\textordfeminine}}
}

@article{Conteudo2012,
    title = {{Manual de Funcionamento Wireshark}},
    year = {2012},
    author = {Castro, Júlia de and Ribeiro, Leonardo},
    number = {1},
    pages = {383--387}
}

@misc{Sciore2008,
    title = {{Database Design and Implementation Title}},
    year = {2008},
    author = {Sciore, Edward},
    url = {http://www.wiley.com/WileyCDA/WileyTitle/productCd-EHEP000711.html#student}
}

@book{Ramakrishnan2003,
    title = {{Database Management Systems}},
    year = {2003},
    booktitle = {Computing},
    author = {Ramakrishnan, Raghu and Gehrke, Johannes},
    number = {4},
    pages = {65--68},
    volume = {8},
    url = {http://portal.acm.org.oca.ucsc.edu/citation.cfm?id=553046},
    isbn = {0072465638},
    doi = {10.1300/J115v06n04{\_}07},
    issn = {07338635},
    pmid = {3780063},
    arxivId = {arXiv:1011.1669v3}
}

@article{Brown,
    title = {{Responding To Computer Security Incidents : Guidelines for Incident Handling}},
    journal = {ReVision},
    author = {Brown, David S and Longstaff, Thomas A}
}

@book{beal2005,
    title = {{Seguran{\c{c}}a da informa{\c{c}}{\~{a}}o: princ{\'{i}}pios e melhores pr{\'{a}}ticas para a prote{\c{c}}{\~{a}}o dos ativos de informa{\c{c}}{\~{a}}o nas organiza{\c{c}}ões}},
    year = {2005},
    author = {Beal, A},
    publisher = {Atlas},
    url = {https://books.google.com.br/books?id=7QnkAAAACAAJ}
}

@book{semola2003,
    title = {{Gest{\~{a}}o da Seguran{\c{c}}a da Informa{\c{c}}{\~{a}}o}},
    year = {2003},
    author = {S{\^{e}}mola, M},
    publisher = {ELSEVIER EDITORA},
    url = {https://books.google.com.br/books?id=eZ2OAAAACAAJ}
}

@article{Symantec2010,
    title = {{SYMANTEC ENTERPRISE SECURIT Y Symantec Internet Security Threat Report Trends for January – June 07}},
    year = {2010},
    journal = {Methodology},
    author = {{Symantec}},
    number = {April},
    pages = {134},
    volume = {XII},
    url = {http://eval.symantec.com/mktginfo/enterprise/white_papers/ent-whitepaper_internet_security_threat_report_xii_09_2007.en-us.pdf},
    isbn = {2007111215543},
    doi = {10.1016/S1353-4858(05)00194-7}
}