%% This BibTeX bibliography file was created using BibDesk.
%% http://bibdesk.sourceforge.net/


@article{phong1975,
  title={Illumination for computer generated pictures},
  author={Phong, Bui Tuong},
  journal={Communications of the ACM},
  volume={18},
  number={6},
  pages={311--317},
  year={1975},
  publisher={ACM}
}

@article{perlin1985image,
  title={An image synthesizer},
  author={Perlin, Ken},
  year={1985}
}

@article{Perlin:2002:IN:566654.566636,
 author = {Perlin, Ken},
 title = {Improving Noise},
 journal = {ACM Trans. Graph.},
 issue_date = {July 2002},
 volume = {21},
 number = {3},
 month = jul,
 year = {2002},
 issn = {0730-0301},
 pages = {681--682},
 numpages = {2},
 url = {http://doi.acm.org/10.1145/566654.566636},
 doi = {10.1145/566654.566636},
 acmid = {566636},
 publisher = {ACM},
 address = {New York, NY, USA},
 keywords = {procedural texture}
} 

@book{Manualdejogosdigitais,
  title={Manual de Produ{\c{c}}{\~a}o de Jogos Digitais},
  author={Heather M. Chandler},
  edition = 9,
  isbn={9788540701847},
  url={http://books.google.com.br/books?id=Ifdu3B9C7jEC},
  year={2012},
  publisher={Bookman}
}

@book{LevelUp,
  title={Level Up},
  author={Scott Rogers},
  isbn={9788521207009},
  year={2016},
  publisher={Edgard Blucher}
}

@book{GameEngineArchitecture,
  title={Game Engine Architecture},
  author={Jason Gregory},
  isbn={9781439865262},
  year={2009},
  publisher={Taylor and Francis Group}
}
@book{GameProgrammingPatterns,
  title={Game Programming Patterns},
  author={Robert Nystrom},
  isbn={0990582906},
  year={2014},
  publisher={Genever Benning }
}

@book{LearnOpenGL,
  title={Learn OpenGL},
  author={Joey de Vries},
  edition = 2,
  isbn={},
  url={https://learnopengl.com/book/offline%20learnopengl.pdf},
  year={2015},
  publisher={}
}

@online{KhronosOpenGLSpecification,
  author = {Khronos},
  title = {OpenGL Specifications},
  year = 2017,
  url = {https://www.khronos.org/registry/OpenGL/specs/gl/},
  urldate = {2017-12-04}
}

@online{OpenGLAbout,
  author = {OpenGL},
  title = {About OpenGL},
  year = 2017,
  url = {https://www.opengl.org/about/},
  urldate = {2017-12-01}
}

@online{GameMarketArticle,
author = {Emma McDonald},
  title = {The Global Games Market Will Reach \$108{.}9 Billion in 2017 With Mobile Taking 42\%},
  year = 2017,
  url = {https://newzoo.com/insights/articles/the-global-games-market-will-reach-108-9-billion-in-2017-with-mobile-taking-42/},
  urldate = {2017-11-15}
}

@online{OpenGLHistory,
author = {Khronos},
  title = {History of OpenGL},
  year = 2018,
  url = {https://www.khronos.org/opengl/wiki/History_of_OpenGL#OpenGL_3.0_.282008.29},
  urldate = {2018-09-12}
}

@online{LegacyOpenGL,
author = {Khronos},
  title = {Legacy OpenGL},
  year = 2018,
  url = {https://www.khronos.org/opengl/wiki/Legacy_OpenGL},
  urldate = {2018-09-12}
}

@online{OpenGLObject,
author = {Khronos},
  title = {OpenGL Object},
  year = 2018,
  url = {https://www.khronos.org/opengl/wiki/OpenGL_Object},
  urldate = {2018-09-16}
}

@online{openGLShaderCompilation,
author = {Khronos},
  title = {OpenGL shader compilation},
  year = 2018,
  url = {https://www.khronos.org/opengl/wiki/Shader_Compilation},
  urldate = {2018-09-16}
}

@online{GameObjectArchitecture,
author = {Ray Wenderlich},
  title = {Introduction to Component Based Architecture in Games},
  year = 2018,
  url = {https://www.raywenderlich.com/2806-introduction-to-component-based-architecture-in-games},
  urldate = {2018-10-14}
}

@online{PhongShading,
author = {ScratchAPixel},
  title = {The Phong Model, Introduction to the Concepts of Shader, Reflection Models and BRDF},
  year = 2018,
  url = {https://www.scratchapixel.com/lessons/3d-basic-rendering/phong-shader-BRDF},
  urldate = {2018-10-22}
}

@online{ProgrammingGameAIByExample,
  author = {Mat Buckland},
  title = {Programming Game AI by Example},
  year = 2005,
  isbn={1556220782},
  publisher={Wordware Publishin}
}
@online{ProceduralContentGenerationInGames,
  author = {Noor Shaker and Julian Togelius and Mark J. Nelson},
  title = {Procedural Content Generation in Games},
  year = 2016,
  isbn={9783319427140},
  publisher={Springer}
}

@online{GameDevAI,
author = {Ben Sizer},
  title = {The Total Beginner's Guide to Game AI},
  year = 2018,
  url = {https://www.gamedev.net/articles/programming/artificial-intelligence/the-total-beginners-guide-to-game-ai-r4942/},
  urldate = {2018-11-04}
}
@online{UtilityAI,
author = {Dave Mark and Kevin Dill},
  title = {Improving AI Decision Modeling Through Utility Theory},
  year = 2018,
  url = {http://www.intrinsicalgorithm.com/media/2010GDC-DaveMark-KevinDill-UtilityTheory.pdf},
  urldate = {2018-11-04}
}
@online{ComputerGraphicsIntro,
author = {David J. Eck},
  title = {Introduction to Computer Graphics},
  year = 2018,
  url = {http://math.hws.edu/eck/cs424/downloads/graphicsbook-linked.pdf},
  urldate = {2018-11-11}
}

@online{AIDefinition,
author = {Osford Dictionary},
  title = {},
  year = 2018,
  url = {https://en.oxforddictionaries.com/definition/artificial_intelligence},
  urldate = {2018-11-11}
}

@online{PCGWiki,
author = {PCG WikiDot},
  title = {},
  year = 2018,
  url = {http://pcg.wikidot.com/},
  urldate = {2018-11-11}
}

@online{AffineTransformation,
author = {OpenCV},
  title = {},
  year = 2018,
  url = {https://docs.opencv.org/3.1.0/d4/d61/tutorial_warp_affine.html},
  urldate = {2018-11-13}
}
@online{AffineTransformationImg,
  author = {Wikipedia},
  title = {},
  year = 2018,
  url = {https://en.wikipedia.org/wiki/Affine_transformation#Affine_transformation_in_plane_geometry},
  urldate = {2018-11-13}
}

@online{Frustum,
  author = {Unity},
  title = {},
  year = 2018,
  url = {https://docs.unity3d.com/Manual/UnderstandingFrustum.html},
  urldate = {2018-11-13}
}

@online{Fataho,
  author = {Fataho},
  title = {Perlin Noise Explained},
  year = 2018,
  url = {https://www.youtube.com/watch?v=MJ3bvCkHJtE},
  urldate = {2018-11-25}
}

@online{FastNoise,
  author = {Auburns},
  title = {Fast Noise},
  year = 2018,
  url = {https://github.com/Auburns/FastNoise_Java},
  urldate = {2018-11-25}
}

@online{NoiseRedBlob,
  author = {Amit Patel},
  title = {Making maps with noise functions},
  year = 2018,
  url = {https://www.redblobgames.com/maps/terrain-from-noise/},
  urldate = {2018-11-25}
}

@online{LWJGL,
  author = {LWJGL},
  title = {LWJGL},
  year = 2018,
  url = {https://www.lwjgl.org/},
  urldate = {2018-12-02}
}

@online{jBox2D,
  author = {jBox2D},
  title = {jBox2D},
  year = 2018,
  url = {http://www.jbox2d.org/},
  urldate = {2018-12-02}
}

@online{openAL,
  author = {openAL},
  title = {openAL},
  year = 2018,
  url = {https://www.openal.org/},
  urldate = {2018-12-02}
}